@misc{ wiki:vision,
    author = "Wikipedia contributors",
    title = "Color vision --- Wikipedia{,} The Free Encyclopedia",
    year = "2018",
    url = "\url{https://en.wikipedia.org/w/index.php?title=Color_vision&oldid=819888000}",
    note = "[Online; accessed 18-January-2018]"
  }
